1782 3058
107 448 162 489 10

104 799 157 840 15

178 164 234 206 50
833 159 1070 195 PLAVTI

178 270 416 324 Quaeritur,
447 283 574 324 quam
605 268 818 309 cluentum
847 267 950 309 fides
982 266 1131 322 quoius
1162 266 1280 308 mods

1507 165 1530 195 4
1555 165 1575 196 2
1602 165 1714 196 6—21

1647 250 1720 309 '575

177 328 335 371 Clueat.
379 328 414 369 si
446 329 510 369 est
539 341 699 382 pauper
731 327 855 381 atque
885 325 999 367 haud
1029 326 1183 379 malus,
1214 339 1397 380 nequam
1426 325 1625 368 habetur:

387 385 461 428 Sin
491 385 608 427 diues
638 385 811 439 mahist,
841 384 878 425 is
908 385 1052 426 cluens
1082 383 1196 438 frugi
1225 383 1414 425 habetur.

385 444 470 495 Qus
497 458 632 498 neque
662 444 778 498 leges
807 456 944 497 neque
970 444 1147 497 acqu6m
1172 442 1331 484 bonum
1354 442 1534 497 usquam
1559 443 1717 497 colunt,

454 502 665 545 Solh'citos
695 502 897 556 patr6nos
927 501 1103 554 habent,

452 561 612 603 Datum
644 561 872 616 denegant,
904 559 1016 614 quod
1047 559 1251 600 datumst:

1646 570 1718 601 580

590 618 749 661 Litium
779 617 910 673 plens,
941 632 1132 672 rapaces,

451 677 548 719 Viri
573 677 848 731 fraudulenti,

592 736 673 786 Qui
705 738 778 777 aut
806 735 977 776 faenore
1010 737 1084 776 aut
1113 734 1307 788 periuriis

380 794 553 836 Habent
582 809 672 836 rem
702 794 907 848 paratam.
949 807 1069 834 mens
1101 794 1166 834 est
1194 793 1240 833 in
1272 793 1462 848 querelis.

168 853 278 895 Iuris
308 854 380 895 ubi
412 853 564 895 dicitur
595 853 695 907 dies,
727 853 851 894 simul
881 852 1073 906 patronis
1105 850 1274 893 dicitur:

1645 862 1715 894 585

171 910 352 969 [Quippe
384 912 456 966 qui
486 927 562 966 pro
594 912 678 953 illis
708 912 952 966 loquantur,
984 925 1091 966 quae
1122 911 1231 952 male
1261 910 1475 963 fecerintz]

377 971 465 1011 Aut
497 970 549 1012 ad
579 970 783 1024 populum
815 972 888 1011 aut
917 969 963 1010 1²11
993 971 1083 1010 iure
1115 971 1189 1010 aut
1220 969 1272 1010 ad
1302 969 1480 1011 iudicem
1511 972 1610 1011 rest.

97 1028 155 1070 20
170 1028 288 1071 Sicut
317 1044 384 1071 me
415 1029 539 1071 hodie
570 1028 698 1070 nimis
731 1028 957 1070 sollicitum
989 1028 1132 1069 cluens
1164 1027 1336 1082 quidam
1371 1027 1539 1082 habuit,
1574 1029 1716 1083 neque

167 1135 304 1201 Agere
336 1149 410 1188 aut
440 1147 609 1201 quicum
639 1087 1005 1188 uo'luciulcigitldfflslt:
1037 1143 1099 1186 sta
1123 1159 1190 1186 me
1216 1144 1401 1199 attinuit,
1431 1144 1492 1186 sta
1519 1145 1715 1187 detinuit.

213 1277 291 1308 575.
307 1272 408 1308 Statt
419 1274 548 1318 quoius
560 1274 657 1308 modi
669 1273 767 1308 kann
780 1273 900 1308 Plaut.

165 1320 259 1355 auch
290 1321 472 1365 quoimodi
504 1320 741 1365 geschrieben
779 1321 901 1355 haben

163 1368 258 1402 nach
297 1367 478 1412 Analogie
520 1379 592 1402 von
634 1368 902 1412 quoiquoivwdi

163 1414 200 1457 (i.
233 1425 263 1449 e.
295 1414 423 1459 quoius
454 1415 582 1459 quoius
618 1414 733 1458 modi)
767 1414 899 1448 Bacch.

161 1461 213 1495 III
233 1465 265 1505 2,
286 1465 339 1496 16.
364 1461 494 1496 Pseud.
513 1462 547 1496 II
566 1465 599 1506 4,
619 1465 674 1496 51.
707 1461 780 1496 Cic.
795 1461 900 1495 Tusc.

161 1508 210 1542 111
235 1512 292 1552 34,
324 1512 378 1544 83.
413 1508 446 1542 V
471 1513 514 1543 41
544 1512 620 1543 121.
655 1508 756 1543 Verr.
783 1508 817 1542 V
842 1513 899 1552 41,

164 1559 240 1590 107.
272 1567 338 1600 pro
369 1555 473 1590 Rosc.
504 1556 625 1590 Amet.
658 1559 714 1600 34,
746 1559 790 1590 95
827 1555 896 1590 wie

161 1603 219 1636 illi
242 1603 304 1637 isti
327 1603 423 1637 nulli
446 1615 480 1637 u.
502 1614 533 1637 a.
553 1602 612 1636 fiir
630 1603 732 1637 illius
749 1614 784 1636 11.
805 1614 830 1637 s.
851 1614 895 1646 w.

160 1660 232 1684 von
265 1649 336 1684 den
368 1650 480 1684 Alten
513 1650 645 1694 gesagt
674 1649 810 1683 wurde.
861 1648 894 1683 S.

159 1696 313 1731 Ritschl.
340 1695 469 1741 Opusc.
496 1697 528 1730 11
556 1696 589 1731 S.
617 1700 695 1731 692.
724 1700 800 1730 727.

207 1747 285 1778 578.
311 1744 374 1788 qui
393 1743 425 1778 d.
447 1743 470 1778 i.
491 1743 563 1788 Sie,
588 1743 727 1778 welche
748 1743 896 1787 (Ueber—

158 1801 259 1835 gang
283 1801 368 1825 vom
388 1790 561 1835 Singular
580 1802 661 1824 zum
680 1790 807 1825 Plural
824 1790 895 1825 wie

158 1837 380 1882 umgekehrt
421 1839 518 1880 576);
557 1837 647 1872 dazu
689 1837 786 1881 folgt
828 1842 894 1873 581

159 1884 212 1919 als
238 1884 308 1919 den
334 1883 536 1919 Charakter
561 1884 703 1919 solcher
728 1883 895 1919 Clienten

158 1931 319 1966 scharfer
354 1931 619 1966 bestimmende
656 1931 893 1976 Apposition:

158 1979 277 2013 litium
294 1979 414 2023 pleni,
444 1990 609 2023 rapaces,
639 1979 717 2013 uiri
740 1979 894 2021 fraudu·

157 2026 261 2067 lenti,
308 2025 467 2060 welcher
514 2038 575 2060 zur
618 2025 893 2071 vonstandigen

157 2072 411 2118 Erschsspfung
445 2072 507 2107 der
542 2072 658 2107 Sache
698 2073 792 2107 noch
834 2073 893 2108 ein

156 2119 382 2154 Relativsatz
414 2120 642 2165 beigegeben
673 2119 774 2154 wird.
824 2120 894 2155 Mit

156 2167 278 2201 colunt
311 2167 410 2201 steht
442 2167 570 2202 habent
603 2167 678 2201 und
719 2168 893 2212 (Ieneyavt

156 2213 222 2248 auf
231 2213 395 2259 gleicher
408 2214 521 2248 Linie.
535 2234 577 2238 —
592 2225 738 2258 aequom
751 2215 892 2258 bonum,

154 2260 377 2305 Asyndeton.
414 2261 547 2296 ‘Recht
572 2261 645 2295 und
669 2260 890 2306 Billigkeit’.

203 2312 280 2343 579.
315 2308 485 2343 sollicitos
517 2309 665 2343 habent:
706 2308 775 2343 mit
808 2308 892 2343 dem

154 2354 327 2400 Adjectiv
364 2355 452 2390 oder
495 2355 578 2390 dem
622 2355 755 2390 Par-tic.
794 2355 890 2390 Pers.

152 2401 248 2436 Pass.
285 2402 496 2437 verbunden
523 2402 736 2437 bezeichnet
766 2403 892 2438 habere

152 2448 211 2484 die
238 2449 359 2484 Dauer
385 2449 483 2484 eines
503 2449 702 2484 Zustandes
721 2450 808 2484 oder
829 2450 891 2484 des

152 2495 340 2531 Resultats
374 2496 474 2531 einer
503 2497 719 2541 Handhmg,
746 2508 784 2531 so
811 2501 889 2532 584.

154 2546 232 2578 588.
273 2545 522 2578 miserrumum
561 2544 687 2579 habere
728 2544 805 2578 Cas.
842 2544 889 2579 lII

152 2594 184 2633 3,
211 2593 266 2624 27.
300 2589 386 2624 Cist.
413 2591 445 2624 11
471 2595 502 2634 2,
529 2595 560 2625 2.

199 2641 276 2672 580.
297 2637 422 2671 datum
437 2638 611 2682 deneyant
624 2639 718 2682 quod
731 2639 888 2672 datumst

151 2684 185 2718 d.
212 2684 235 2718 i.
261 2684 435 2728 deneyant
460 2686 583 2719 clatum
609 2685 678 2719 sibi
703 2695 773 2719 esse
793 2686 888 2729 quod

150 2732 200 2765 eis
233 2732 359 2765 (iatum
393 2735 457 2775 est,
493 2732 619 2766 antike
654 2731 888 2767 Einfachhcit

151 2778 214 2812 des
250 2778 473 2818 Ausdrucks,
518 2779 612 2813 ohne
655 2779 737 2813 dass
774 2781 886 2814 etwas

151 2825 287 2870 mussig
329 2825 416 2860 oder
459 2825 674 2871 iiberflx'issig
726 2826 884 2861 dasteht.

150 2872 282 2917 Amph.
304 2873 335 2906 11
356 2877 387 2916 2,
415 2877 482 2906 ‘220
504 2874 533 2907 is
557 2874 590 2907 si
614 2874 761 2917 (lene-(lat
786 2875 885 2916 faeta

150 2922 208 2963 (sc.
237 2922 327 2963 csse)
352 2931 442 2964 quae
467 2923 506 2954 ιιι
530 2921 630 2963 faeta
655 2921 755 2956 (licis.

1021 1276 1099 1307 584.
1136 1283 1233 1307 mens
1272 1275 1322 1307 est
1361 1273 1402 1306 in
1437 1273 1603 1316 querelis,
1634 1272 1713 1317 vgl.

972 1319 1101 1354 Pseud.
1127 1320 1144 1353 I
1172 1323 1202 1363 1,
1228 1323 1272 1354 32
1295 1326 1383 1354 ‘nam
1407 1319 1512 1354 istie
1544 1319 1580 1363 (i.
1613 1330 1643 1355 6.
1668 1320 1712 1354 in

973 1370 1069 1410 cera)
1102 1377 1198 1401 meus
1232 1367 1376 1402 animus
1408 1377 1507 1401 nwnc
1536 1369 1602 1410 est,
1635 1376 1713 1401 mm

971 1415 1013 1448 in
1031 1417 1183 1458 pectore.
1230 1413 1328 1448 Pers.
1355 1412 1405 1447 IV
1432 1417 1464 1457 6,
1497 1417 1538 1447 27
1565 1414 1711 1448 animus

971 1461 1046 1495 iam
1070 1461 1111 1495 in
1134 1461 1260 1495 nauist
1291 1461 1390 1494 mihi.
1435 1460 1515 1495 Ter.
1542 1459 1633 1494 Eun.
1658 1460 1709 1495 IV

972 1511 1004 1552 7,
1030 1511 1074 1543 46
1101 1509 1175 1542 iam
1199 1508 1338 1542 dudum
1355 1508 1500 1541 animus
1517 1510 1568 1542 est
1588 1508 1628 1541 in
1639 1518 1708 1552 pa-

968 1556 1066 1589 tinis.
1106 1553 1276 1589 Gemeint
1294 1554 1376 1588 sind
1395 1553 1454 1588 die
1472 1553 1628 1599 Klagen,
1648 1554 1711 1590 die

967 1613 1088 1647 gegen
1121 1601 1172 1636 sie
1200 1601 1362 1636 erhoben
1394 1601 1557 1644 werden,
1591 1600 1706 1645 nicht,

969 1648 1028 1683 die
1054 1648 1106 1683 sie
1132 1648 1309 1690 erheben,
1335 1648 1508 1693 iibrigens
1532 1647 1582 1682 ist
1605 1650 1708 1683 sonst

967 1697 1110 1740 querela
1128 1707 1201 1730 von
1219 1694 1480 1741 gerichtlicher
1497 1694 1616 1740 Klage
1638 1707 1708 1730 nur
1727 1738 1732 1742 ᾖ

967 1743 1005 1777 111
1024 1743 1089 1777 der
1109 1744 1279 1788 spateren
1291 1741 1474 1777 Latinitat
1490 1742 1706 1787 gebraucht.

1016 1806 1093 1837 585.
1120 1802 1215 1836 iuris
1238 1802 1315 1836 dies
1338 1800 1361 1835 i.
1389 1812 1419 1836 e.
1445 1801 1519 1836 dies
1543 1811 1612 1845 quo
1645 1801 1706 1837 ius

966 1849 1102 1884 dicitur
1126 1860 1150 1883 a
1169 1851 1352 1892 praetore,
1385 1849 1484 1883 sonst
1514 1860 1582 1882 nur
1611 1848 1706 1883 diem

966 1897 1082 1931 dicere
1107 1896 1200 1930 ohne
1226 1896 1330 1929 iuris.

1014 1959 1092 1990 586.
1119 1954 1188 1988 Ein
1206 1953 1395 1999 miissiger,
1417 1953 1614 1999 jedenfalls
1631 1965 1704 1990 von

966 2002 1085 2036 einem
1119 2002 1190 2036 den
1223 2001 1423 2036 Gedanken
1459 2000 1587 2036 weiter
1623 2012 1704 2036 aus-

965 2049 1169 2083 fiihrenden
1216 2047 1387 2082 Erkliirer
1435 2048 1704 2084 herrfihrender

967 2097 1106 2131 Zusatz.

1013 2159 1090 2190 587.
1117 2155 1165 2189 acl
1182 2155 1373 2199 populum,
1398 2165 1505 2189 wenn
1530 2165 1566 2188 es
1591 2164 1704 2190 eausa

958 2202 1127 2246 publica,
1168 2202 1335 2247 dagegen
1370 2202 1408 2235 ιή
1442 2202 1522 2236 iure
1555 2204 1620 2236 aut
1653 2201 1704 2237 ad

964 2249 1128 2292 iudice-m,
1147 2260 1252 2283 wenn
1271 2260 1308 2284 es
1327 2259 1437 2283 causa
1445 2248 1601 2293 priuata
1614 2259 1702 2293 war,

963 2296 1038 2330 und
1063 2307 1157 2330 zwar
1181 2297 1219 2330 in
1245 2297 1336 2337 iure,
1361 2307 1467 2330 wenn
1490 2306 1562 2330 von
1581 2294 1702 2330 einem

963 2343 1161 2389 Magistrat
1193 2343 1243 2387 (111
1275 2343 1338 2377 der
1362 2342 1479 2388 Regel
1503 2353 1587 2377 vom
1612 2341 1700 2378 Pra-

962 2392 1021 2426 tor
1045 2390 1117 2435 vgl.
1144 2390 1254 2425 Poen.
1276 2391 1290 2425 I
1319 2395 1348 2433 1,
1375 2394 1416 2425 57
1443 2389 1480 2433 f.,
1505 2389 1544 2424 in
1569 2389 1702 2425 einzel-

963 2449 1034 2472 nen
1058 2437 1196 2480 Fallen,
1223 2437 1291 2471 wie
1311 2437 1349 2471 in
1370 2437 1454 2472 dem
1472 2448 1545 2472 von
1564 2440 1632 2473 588
1651 2447 1699 2472 an

962 2485 999 2519 in
1024 2484 1124 2519 Rede
1150 2484 1368 2528 stehenden,
1403 2484 1497 2519 auch
1522 2494 1594 2519 von
1627 2483 1697 2518 den

963 2531 1131 2575 Aedilen)
1148 2531 1396 2566 Streitsachen
1411 2542 1454 2566 ex
1467 2541 1578 2576 aequo
1590 2531 1696 2566 bono-

960 2590 1026 2624 que
1045 2579 1278 2613 entschieden
1292 2578 1453 2621 wurden,
1473 2579 1521 2613 ad
1533 2577 1697 2622 iudicata,

960 2637 1065 2661 wenn
1096 2626 1160 2660 der
1186 2625 1381 2671 Magistrat
1410 2625 1517 2660 einen
1546 2623 1698 2659 Richter

959 2685 1021 2707 zur
1064 2673 1339 2717 Entscheidung
1381 2672 1445 2708 der
1486 2671 1696 2717 Klagsache

960 2722 1146 2755 ernannte.
1180 2741 1223 2745 —
1254 2724 1325 2755 rest
1355 2736 1398 2749 -—-
1430 2729 1484 2754 res
1513 2722 1563 2753 est
1593 2731 1620 2753 s.
1652 2730 1695 2754 zu

959 2767 1062 2812 Capt.
1090 2771 1167 2803 485.
1194 2767 1267 2802 und
1293 2766 1370 2801 Mil.
1391 2766 1441 2802 IV
1461 2771 1493 2809 8,
1513 2770 1568 2801 34.
1600 2765 1694 2800 Rud.

960 2815 970 2847 I
999 2819 1031 2858 2,
1057 2818 1112 2850 83.
1140 2814 1245 2849 Truc.
1272 2815 1304 2849 11
1331 2818 1362 2858 7,
1388 2818 1432 2848 50
1457 2815 1541 2857 (49).

1005 2877 1082 2909 589.
1103 2874 1198 2917 quod
1213 2873 1312 2908 uolui
1324 2883 1436 2917 affere,
1456 2872 1696 2918 Hindeutung

958 2921 1023 2955 auf
1045 2921 1108 2955 das
1129 2921 1341 2965 prandium.
